[
  {
    "ID": 12953424548,
    "timestamp": 1774254687947,
    "symbol": "BTCUSDT",
    "side": "SELL",
    "quantity": "0.002",
    "price": "0.00",
    "avgPrice": "68450.20000",
    "cumQuote": "136.90040"
  },
  {
    "ID": 12953424682,
    "timestamp": 1774254689191,
    "symbol": "BTCUSDT",
    "side": "SELL",
    "quantity": "0.002",
    "price": "0.00",
    "avgPrice": "68450.10000",
    "cumQuote": "136.90020"
  },
  {
    "ID": 12983510430,
    "timestamp": 1774392684859,
    "symbol": "BTCUSDT",
    "side": "BUY",
    "quantity": "0.002",
    "price": "0.00",
    "avgPrice": "70271.60000",
    "cumQuote": "140.54320"
  },
  {
    "ID": 12983512073,
    "timestamp": 1774392697109,
    "symbol": "BTCUSDT",
    "side": "BUY",
    "quantity": "0.002",
    "price": "0.00",
    "avgPrice": "70271.70000",
    "cumQuote": "140.54340"
  },
  {
    "ID": 12983547271,
    "timestamp": 1774392869227,
    "symbol": "BTCUSDT",
    "side": "SELL",
    "quantity": "0.002",
    "price": "0.00",
    "avgPrice": "70253.40000",
    "cumQuote": "140.50680"
  },
  {
    "ID": 12983549042,
    "timestamp": 1774392880899,
    "symbol": "BTCUSDT",
    "side": "SELL",
    "quantity": "0.002",
    "price": "0.00",
    "avgPrice": "70253.40000",
    "cumQuote": "140.50680"
  },
  {
    "ID": 12983585269,
    "timestamp": 1774393058751,
    "symbol": "BTCUSDT",
    "side": "BUY",
    "quantity": "0.002",
    "price": "0.00",
    "avgPrice": "70333.10000",
    "cumQuote": "140.66620"
  },
  {
    "ID": 12983586465,
    "timestamp": 1774393070099,
    "symbol": "BTCUSDT",
    "side": "BUY",
    "quantity": "0.002",
    "price": "0.00",
    "avgPrice": "70333.10000",
    "cumQuote": "140.66620"
  },
  {
    "ID": 12983660606,
    "timestamp": 1774393435139,
    "symbol": "BTCUSDT",
    "side": "SELL",
    "quantity": 0.002,
    "price": 0.0,
    "avgPrice": 70250.0,
    "cumQuote": 140.5
  },
  {
    "ID": 12983662479,
    "timestamp": 1774393446784,
    "symbol": "BTCUSDT",
    "side": "SELL",
    "quantity": 0.002,
    "price": 0.0,
    "avgPrice": 70249.1,
    "cumQuote": 140.4982
  },
  {
    "ID": 12983674627,
    "timestamp": 1774393510701,
    "symbol": "BTCUSDT",
    "side": "BUY",
    "quantity": 0.002,
    "price": 0.0,
    "avgPrice": 70262.6,
    "cumQuote": 140.5252
  },
  {
    "ID": 12983679770,
    "timestamp": 1774393522655,
    "symbol": "BTCUSDT",
    "side": "BUY",
    "quantity": 0.002,
    "price": 0.0,
    "avgPrice": 70255.8,
    "cumQuote": 140.5116
  },
  {
    "ID": 12983740175,
    "timestamp": 1774393822671,
    "symbol": "BTCUSDT",
    "side": "SELL",
    "quantity": 0.002,
    "price": 0.0,
    "avgPrice": 70303.0,
    "cumQuote": 140.606
  },
  {
    "ID": 12983741180,
    "timestamp": 1774393834042,
    "symbol": "BTCUSDT",
    "side": "SELL",
    "quantity": 0.002,
    "price": 0.0,
    "avgPrice": 70309.2,
    "cumQuote": 140.6184
  },
  {
    "ID": 12984024620,
    "timestamp": 1774395232635,
    "symbol": "BTCUSDT",
    "side": "BUY",
    "quantity": 0.002,
    "price": 0.0,
    "avgPrice": 70728.6,
    "cumQuote": 141.4572
  },
  {
    "ID": 12984025830,
    "timestamp": 1774395244091,
    "symbol": "BTCUSDT",
    "side": "BUY",
    "quantity": 0.002,
    "price": 0.0,
    "avgPrice": 70728.6,
    "cumQuote": 141.4572
  },
  {
    "ID": 12984092952,
    "timestamp": 1774395563618,
    "symbol": "BTCUSDT",
    "side": "SELL",
    "quantity": 0.002,
    "price": 0.0,
    "avgPrice": 70710.4,
    "cumQuote": 141.4208
  },
  {
    "ID": 12984093335,
    "timestamp": 1774395564207,
    "symbol": "BTCUSDT",
    "side": "SELL",
    "quantity": 0.002,
    "price": 0.0,
    "avgPrice": 70710.4,
    "cumQuote": 141.4208
  },
  {
    "ID": 13019498315,
    "timestamp": 1775140710155,
    "symbol": "BTCUSDT",
    "side": "BUY",
    "quantity": 0.002,
    "price": 0.0,
    "avgPrice": 66326.8,
    "cumQuote": 132.6536
  },
  {
    "ID": 13019498332,
    "timestamp": 1775140711075,
    "symbol": "BTCUSDT",
    "side": "BUY",
    "quantity": 0.002,
    "price": 0.0,
    "avgPrice": 66326.8,
    "cumQuote": 132.6536
  },
  {
    "ID": 13019527576,
    "timestamp": 1775143607877,
    "symbol": "BTCUSDT",
    "side": "SELL",
    "quantity": 0.002,
    "price": 0.0,
    "avgPrice": 66708.2,
    "cumQuote": 133.4164
  },
  {
    "ID": 13019527620,
    "timestamp": 1775143608836,
    "symbol": "BTCUSDT",
    "side": "SELL",
    "quantity": 0.002,
    "price": 0.0,
    "avgPrice": 66749.0,
    "cumQuote": 133.498
  },
  {
    "ID": 13019557016,
    "timestamp": 1775146043491,
    "symbol": "BTCUSDT",
    "side": "BUY",
    "quantity": 0.002,
    "price": 0.0,
    "avgPrice": 66823.5,
    "cumQuote": 133.647
  },
  {
    "ID": 13019557019,
    "timestamp": 1775146044143,
    "symbol": "BTCUSDT",
    "side": "BUY",
    "quantity": 0.002,
    "price": 0.0,
    "avgPrice": 66824.6,
    "cumQuote": 133.6492
  },
  {
    "ID": 13019570720,
    "timestamp": 1775147084447,
    "symbol": "BTCUSDT",
    "side": "SELL",
    "quantity": 0.002,
    "price": 0.0,
    "avgPrice": 66811.8,
    "cumQuote": 133.6236
  },
  {
    "ID": 13019581849,
    "timestamp": 1775148068451,
    "symbol": "BTCUSDT",
    "side": "BUY",
    "quantity": 0.002,
    "price": 0.0,
    "avgPrice": 67079.9,
    "cumQuote": 134.1598
  },
  {
    "ID": 13019596179,
    "timestamp": 1775149219465,
    "symbol": "BTCUSDT",
    "side": "SELL",
    "quantity": 0.002,
    "price": 0.0,
    "avgPrice": 67066.7,
    "cumQuote": 134.1334
  },
  {
    "ID": 13019596182,
    "timestamp": 1775149220069,
    "symbol": "BTCUSDT",
    "side": "SELL",
    "quantity": 0.002,
    "price": 0.0,
    "avgPrice": 67066.7,
    "cumQuote": 134.1334
  },
  {
    "ID": 13019610169,
    "timestamp": 1775150373667,
    "symbol": "BTCUSDT",
    "side": "BUY",
    "quantity": 0.002,
    "price": 0.0,
    "avgPrice": 67330.8,
    "cumQuote": 134.6616
  },
  {
    "ID": 13019610173,
    "timestamp": 1775150374311,
    "symbol": "BTCUSDT",
    "side": "BUY",
    "quantity": 0.002,
    "price": 0.0,
    "avgPrice": 67330.8,
    "cumQuote": 134.6616
  },
  {
    "ID": 13019620242,
    "timestamp": 1775151344575,
    "symbol": "BTCUSDT",
    "side": "SELL",
    "quantity": 0.002,
    "price": 0.0,
    "avgPrice": 67060.4,
    "cumQuote": 134.1208
  },
  {
    "ID": 13019620245,
    "timestamp": 1775151345531,
    "symbol": "BTCUSDT",
    "side": "SELL",
    "quantity": 0.002,
    "price": 0.0,
    "avgPrice": 67060.4,
    "cumQuote": 134.1208
  },
  {
    "ID": 13019664895,
    "timestamp": 1775155653245,
    "symbol": "BTCUSDT",
    "side": "BUY",
    "quantity": 0.002,
    "price": 0.0,
    "avgPrice": 66774.65,
    "cumQuote": 133.5493
  },
  {
    "ID": 13019664910,
    "timestamp": 1775155654219,
    "symbol": "BTCUSDT",
    "side": "BUY",
    "quantity": 0.002,
    "price": 0.0,
    "avgPrice": 66775.5,
    "cumQuote": 133.551
  },
  {
    "ID": 13019695749,
    "timestamp": 1775158624539,
    "symbol": "BTCUSDT",
    "side": "SELL",
    "quantity": 0.002,
    "price": 0.0,
    "avgPrice": 66930.9,
    "cumQuote": 133.8618
  },
  {
    "ID": 13019695752,
    "timestamp": 1775158625171,
    "symbol": "BTCUSDT",
    "side": "SELL",
    "quantity": 0.002,
    "price": 0.0,
    "avgPrice": 66930.9,
    "cumQuote": 133.8618
  },
  {
    "ID": 13019768156,
    "timestamp": 1775165737901,
    "symbol": "BTCUSDT",
    "side": "BUY",
    "quantity": 0.002,
    "price": 0.0,
    "avgPrice": 66809.1,
    "cumQuote": 133.6182
  },
  {
    "ID": 13019768395,
    "timestamp": 1775165772611,
    "symbol": "BTCUSDT",
    "side": "SELL",
    "quantity": 0.002,
    "price": 0.0,
    "avgPrice": 66803.7,
    "cumQuote": 133.6074
  },
  {
    "ID": 13019770192,
    "timestamp": 1775165898015,
    "symbol": "BTCUSDT",
    "side": "BUY",
    "quantity": 0.002,
    "price": 0.0,
    "avgPrice": 66818.9,
    "cumQuote": 133.6378
  },
  {
    "ID": 13019770696,
    "timestamp": 1775165935295,
    "symbol": "BTCUSDT",
    "side": "SELL",
    "quantity": 0.002,
    "price": 0.0,
    "avgPrice": 66811.1,
    "cumQuote": 133.6222
  },
  {
    "ID": 13023061642,
    "timestamp": 1775491104427,
    "symbol": "BTCUSDT",
    "side": "BUY",
    "quantity": 0.002,
    "price": 0.0,
    "avgPrice": 69839.0,
    "cumQuote": 139.678
  },
  {
    "ID": 13023062068,
    "timestamp": 1775491161936,
    "symbol": "BTCUSDT",
    "side": "BUY",
    "quantity": 0.002,
    "price": 0.0,
    "avgPrice": 69848.5,
    "cumQuote": 139.697
  },
  {
    "ID": 13028865281,
    "timestamp": 1775917235473,
    "symbol": "BTCUSDT",
    "side": "SELL",
    "quantity": 0.002,
    "price": 0.0,
    "avgPrice": 72660.0,
    "cumQuote": 145.32
  },
  {
    "ID": 13028866104,
    "timestamp": 1775917267428,
    "symbol": "BTCUSDT",
    "side": "BUY",
    "quantity": 0.002,
    "price": 0.0,
    "avgPrice": 72665.1,
    "cumQuote": 145.3302
  }
]